%% Created using Papers on Sat, 18 Aug 2018.
%% http://papersapp.com/papers/

@article{Lawson:2012ha,
author = {Lawson, Daniel John and Hellenthal, Garrett and Myers, Simon and Falush, Daniel},
title = {{Inference of Population Structure using Dense Haplotype Data}},
journal = {PLoS genetics},
year = {2012},
volume = {8},
number = {1},
pages = {e1002453},
month = jan
}

@article{Harris:2013id,
author = {Harris, Kelley and Nielsen, Rasmus},
title = {{Inferring demographic history from a spectrum of shared haplotype lengths.}},
journal = {PLoS genetics},
year = {2013},
volume = {9},
number = {6},
pages = {e1003521},
month = jun
}

@article{Haak:2015he,
author = {Haak, Wolfgang and Lazaridis, Iosif and Patterson, Nick and Rohland, Nadin and Mallick, Swapan and Llamas, Bastien and Brandt, Guido and Nordenfelt, Susanne and Harney, Eadaoin and Stewardson, Kristin and Fu, Qiaomei and Mittnik, Alissa and B{\'a}nffy, Eszter and Economou, Christos and Francken, Michael and Friederich, Susanne and Pena, Rafael Garrido and Hallgren, Fredrik and Khartanovich, Valery and Khokhlov, Aleksandr and Kunst, Michael and Kuznetsov, Pavel and Meller, Harald and Mochalov, Oleg and Moiseyev, Vayacheslav and Nicklisch, Nicole and Pichler, Sandra L and Risch, Roberto and Rojo Guerra, Manuel A and Roth, Christina and Sz{\'e}cs{\'e}nyi-Nagy, Anna and Wahl, Joachim and Meyer, Matthias and Krause, Johannes and Brown, Dorcas and Anthony, David and Cooper, Alan and Alt, Kurt Werner and Reich, David},
title = {{Massive migration from the steppe was a source for Indo-European languages in Europe.}},
journal = {Nature},
year = {2015},
volume = {522},
number = {7555},
pages = {207--211},
month = jun
}

@article{Gravel:2011bg,
author = {Gravel, Simon and Henn, Brenna M and Gutenkunst, Ryan N and Indap, Amit R and Marth, Gabor T and Clark, Andrew G and Yu, Fuli and Gibbs, Richard A and {1000 Genomes Project} and Bustamante, Carlos D},
title = {{Demographic history and rare allele sharing among human populations.}},
journal = {Proceedings of the National Academy of Sciences},
year = {2011},
volume = {108},
number = {29},
pages = {11983--11988},
month = jul
}

@article{Basu:2016di,
author = {Basu, Analabha and Sarkar-Roy, Neeta and Majumder, Partha P},
title = {{Genomic reconstruction of the history of extant populations of India reveals five distinct ancestral components and a complex structure.}},
journal = {Proceedings of the National Academy of Sciences},
year = {2016},
volume = {113},
number = {6},
pages = {1594--1599},
month = feb
}

@article{Allentoft:2015gj,
author = {Allentoft, Morten E and Sikora, Martin and Sj{\"o}gren, Karl-G{\"o}ran and Rasmussen, Simon and Rasmussen, Morten and Stenderup, Jesper and Damgaard, Peter B and Schroeder, Hannes and Ahlstr{\"o}m, Torbj{\"o}rn and Vinner, Lasse and Malaspinas, Anna-Sapfo S and Margaryan, Ashot and Higham, Tom and Chivall, David and Lynnerup, Niels and Harvig, Lise and Baron, Justyna and Della Casa, Philippe and D{\k{a}}browski, Pawe{\l} and Duffy, Paul R and Ebel, Alexander V and Epimakhov, Andrey and Frei, Karin and Furmanek, Miros{\l}aw and Gralak, Tomasz and Gromov, Andrey and Gronkiewicz, Stanis{\l}aw and Grupe, Gisela and Hajdu, Tam{\'a}s and Jarysz, Rados{\l}aw and Khartanovich, Valeri and Khokhlov, Alexandr and Kiss, Vikt{\'o}ria and Kol{\'a}{\v{r}}, Jan and Kriiska, Aivar and Lasak, Irena and Longhi, Cristina and McGlynn, George and Merkevicius, Algimantas and Merkyte, Inga and Metspalu, Mait and Mkrtchyan, Ruzan and Moiseyev, Vyacheslav and Paja, L{\'a}szl{\'o} and P{\'a}lfi, Gy{\"o}rgy and Pokutta, Dalia and Pospieszny, {\L}ukasz and Price, T Douglas and Saag, Lehti and Sablin, Mikhail and Shishlina, Natalia and Smr{\v c}ka, V{\'a}clav and Soenov, Vasilii I and Szever{\'e}nyi, Vajk and T{\'o}th, Guszt{\'a}v and Trifanova, Synaru V and Varul, Liivi and Vicze, Magdolna and Yepiskoposyan, Levon and Zhitenev, Vladislav and Orlando, Ludovic and Sicheritz-Pont{\'e}n, Thomas and Brunak, S{\o}ren and Nielsen, Rasmus and Kristiansen, Kristian and Willerslev, Eske},
title = {{Population genomics of Bronze Age Eurasia.}},
journal = {Nature},
year = {2015},
volume = {522},
number = {7555},
pages = {167--172},
month = jun
}

@article{Alexander:2009bz,
author = {Alexander, David H and Novembre, John and Lange, Kenneth},
title = {{Fast model-based estimation of ancestry in unrelated individuals.}},
journal = {Genome Research},
year = {2009},
volume = {19},
number = {9},
pages = {1655--1664},
month = sep
}

