@article{Elshire:2011ek,
author = {Elshire, Robert J. and Glaubitz, Jeffrey C. and Sun, Qi and Poland, Jesse A. and Kawamoto, Ken and Buckler, Edward and Mitchell, Sharon E.},
title = {{A Robust, Simple Genotyping-by-Sequencing (GBS) Approach for High Diversity Species}},
journal = {PLoS ONE},
year = {2011},
volume = {6},
number = {5},
pages = {e19379},
month = may
}

